@article{houghtransform,
    author = {Duda, Richard O. and Hart, Peter E.},
    title = {Use of the {Hough} Transformation to Detect Lines and Curves in Pictures},
    year = {1972},
    issue_date = {January 1972},
    publisher = {Association for Computing Machinery},
    address = {New York, NY, USA},
    volume = {15},
    number = {1},
    issn = {0001-0782},
    url = {https://doi.org/10.1145/361237.361242},
    doi = {10.1145/361237.361242},
    journal = {Commun. ACM},
    month = jan,
    pages = {11â€“15},
    numpages = {5},
    keywords = {edge detection, image processing, pattern recognition, Hough transform},
    note = {Ultimo accesso: 12 aprile 2024}
}

@article{ballard1981generalizing,
  title={Generalizing the Hough transform to detect arbitrary shapes},
  author={Ballard, D.H.},
  journal={Pattern Recognition},
  volume={13},
  number={2},
  pages={111--122},
  year={1981},
  publisher={Elsevier},
  doi={10.1016/0031-3203(81)90009-1},
  url={https://doi.org/10.1016/0031-3203(81)90009-1}
}

@online{mathworks,
    title = {Esempio di Visualizzazione 4D},
    url = {https://it.mathworks.com/help/examples/matlab/win64/Visualizing4DExample_04.png},
    note = {Ultimo accesso: 11 aprile 2024}
}

@misc{wiki:tensore,
    author = {{Wikipedia}},
    title = {Tensore},
    url = {https://it.wikipedia.org/wiki/Tensore},
    note = {Ultimo accesso: 15 aprile 2024}
}
